@misc{CoursUM2,
	author = {Sarra Kouider, Université Montpellier 2 Sciences et Techniques},
	title = {Stéganographie et stéganalyse},
	howpublished = {\url{https://www.lirmm.fr/~wpuech/enseignement/master_informatique/Compression_Insertion/Dissimulation_de_donnees_Cours3.pdf}},
	note = {Consulté le 6 novembre 2016}
}

@misc{Zath,
	author = {zathuros},
	title = {La stéganographie par substitution},
	year = {2013},
	month = {mai},
	howpublished = {\url{https://histoiresecretes.wordpress.com/2013/05/05/la-steganographie-par-substitution/}},
	note = {Consulté le 6 novembre 2016},
}

@misc{PrincipMax,
	author = {Max Weiss},
	title = {Principles of Steganography },
	howpublished = {\url{http://www.math.ucsd.edu/~crypto/Projects/MaxWeiss/steganography.pdf}},
	note = {Consulté le 6 novembre 2016},
}

@misc{Patch,
	author = {Matteo Fortini},
	title = {Patchwork},
	howpublished = {\url{http://www.lia.deis.unibo.it/Courses/RetiDiCalcolatori/Progetti98/Fortini/patchwork.html}},
	note = {Consulté le 6 novembre 2016},
}


@TechReport{ARL-TR-1698,
	author = {Lisa M. Marvel, Charles G. Boncelet, Jr., Charles T. Retter},
	title = {Methodology of Spread-Spectrum	Image Steganography},
	institution = {Army Research Laboratory},
	year = {1998},
	url = {http://www.dtic.mil/dtic/tr/fulltext/u2/a349102.pdf},
	key = {ARL-TR-1698},
	month = {juillet},
}

@article{DWT-RGB,
	author = {Della Baby, Jitha Thomas, Gisny Augustine, Elsa George, Neenu Rosia Michael},
	title = {A Novel DWT based Image Securing Method using Steganography},
	journal = {Procedia Computer Science},
	year = {2015},
	volume = {46},
	pages = {612-618},
}

@article{DWT-DCT,
	author = {Sudhanshi Sharma, Umesh Kumar},
	title = {Review of Transform Domain Techniques for Image Steganography},
	journal = {International Journal of Science and Research (IJSR)},
	year = {2015},
	month = {mai},
	volume = {4}
	issue = {5},
	pages = {194-197},
}

@article{VariousStego,
	author = {C. P. Sumathi, T. Santanam, G. Umamaheswari},
	title = {A Study of Various Steganographic Techniques Used for Information Hiding},
	journal = {International Journal of Computer Science \& Engineering Survey (IJCSES)},
	year = {2013},
	month = {décembre},
	volume = {4},
	number = {6},
	pages = {9-25},
}

@misc{Ondelettes,
	author = {Fernand Lone Sang},
	title = {La compression par ondelettes (DWT)},
	month = {février},
	year = {2010},
	howpublished = {\url{http://etud.insa-toulouse.fr/~flone_sa/BEmultimedia/index.php?Dwt}},
	note = {Consulté le 6 novembre 2016},	
}